<?xml version="1.0" encoding="utf-8"?>
<record xmlns="http://www.loc.gov/MARC21/slim" xmlns:xsi="http://www.w3.org/2001/XMLSchema-instance" xsi:schemaLocation="http://www.loc.gov/MARC21/slim http://www.loc.gov/standards/marcxml/schema/MARC21slim.xsd">
	<leader>     nam a22        4500</leader>
	<controlfield tag="001">b1257613x</controlfield>
	<controlfield tag="003">LeBAU</controlfield>
	<controlfield tag="006">m        d        </controlfield>
	<controlfield tag="007">cr cn |||m|||a</controlfield>
	<controlfield tag="008">170926s1913    ua acf  o     ||0 e ara d</controlfield>
	<datafield ind1=" " ind2=" " tag="040">
		<subfield code="a">NNU</subfield>
		<subfield code="b">ara</subfield>
		<subfield code="e">rda</subfield>
		<subfield code="c">NNU</subfield>
	</datafield>
	<datafield ind1="0" ind2="4" tag="082">
		<subfield code="a">892.78</subfield>
		<subfield code="2">22</subfield>
	</datafield>
	<datafield ind1="1" ind2=" " tag="100">
		<subfield code="6">880-01</subfield>
		<subfield code="a">Manfalūṭī, Muṣṭafá Luṭfī,</subfield>
		<subfield code="d">1876?-1924,</subfield>
		<subfield code="e">author.</subfield>
	</datafield>
	<datafield ind1="1" ind2="0" tag="245">
		<subfield code="6">880-02</subfield>
		<subfield code="a">al-Naẓarāt :</subfield>
		<subfield code="b">wa-hiya mukhtār mā katabahu al-kātib min al-rasā’il fī Jarīdat al-Mu’ayyid aw ghayrihā min al-jarā’id taḥta ‘unwān al-Naẓarāt aw-ghayrihi min al-‘anāwīn wa-mā katabahu min al-rasā’il wa-lam yanshurh /</subfield>
		<subfield code="c">bi-qalam Muṣṭafá Luṭfī al-Manfalūṭī.</subfield>
	</datafield>
	<datafield ind1=" " ind2=" " tag="250">
		<subfield code="6">880-03</subfield>
		<subfield code="a">al-Ṭab‘ah al-thānīyah.</subfield>
	</datafield>
	<datafield ind1=" " ind2="1" tag="264">
		<subfield code="6">880-04</subfield>
		<subfield code="a">Miṣr :</subfield>
		<subfield code="b">al-Maṭba‘ah al-Jamālīyah,</subfield>
		<subfield code="c">1331 H. = 1913 M.</subfield>
	</datafield>
	<datafield ind1=" " ind2=" " tag="300">
		<subfield code="6">880-05</subfield>
		<subfield code="a">online resource (3 volumes) :</subfield>
		<subfield code="b">illustartions, frontispiece</subfield>
	</datafield>
	<datafield ind1=" " ind2=" " tag="336">
		<subfield code="a">text</subfield>
		<subfield code="2">rdacontent</subfield>
	</datafield>
	<datafield ind1=" " ind2=" " tag="337">
		<subfield code="a">computer</subfield>
		<subfield code="2">rdamedia</subfield>
	</datafield>
	<datafield ind1=" " ind2=" " tag="338">
		<subfield code="a">online resource</subfield>
		<subfield code="2">rdacarrier</subfield>
	</datafield>
	<datafield ind1=" " ind2=" " tag="500">
		<subfield code="a">Part of the Arabic Collections Online (ACO) project, contributed by American University of Beirut's Jafet Memorial Library.</subfield>
	</datafield>
	<datafield ind1=" " ind2=" " tag="533">
		<subfield code="a">Electronic reproduction.</subfield>
		<subfield code="b">New York, N.Y. :</subfield>
		<subfield code="c">New York University,</subfield>
		<subfield code="d">2017.</subfield>
		<subfield code="5">NNU</subfield>
	</datafield>
	<datafield ind1=" " ind2=" " tag="588">
		<subfield code="a">الوصف يستند إلى الجزء الأول.</subfield>
	</datafield>
	<datafield ind1=" " ind2=" " tag="590">
		<subfield code="a">صفحة عنوان الجزء الثاني والثالث مفتقدة.</subfield>
	</datafield>
	<datafield ind1=" " ind2="4" tag="655">
		<subfield code="a">مقالات.</subfield>
	</datafield>
	<datafield ind1=" " ind2="0" tag="655">
		<subfield code="a">Essays.</subfield>
	</datafield>
	<datafield ind1="2" ind2=" " tag="710">
		<subfield code="a">Jafet Memorial Library.</subfield>
	</datafield>
	<datafield ind1="0" ind2=" " tag="730">
		<subfield code="a">Arabic Collections Online.</subfield>
	</datafield>
	<datafield ind1="0" ind2=" " tag="775">
		<subfield code="6">880-06</subfield>
		<subfield code="t">al-Naẓarāt.</subfield>
		<subfield code="b">al-Ṭab‘ah al-khāmisah</subfield>
		<subfield code="d">Miṣr : al-Maṭba‘ah al-Raḥmānīyah, 1925-1926</subfield>
		<subfield code="w">b19152978</subfield>
	</datafield>
	<datafield ind1="0" ind2="8" tag="776">
		<subfield code="i">Print version:</subfield>
		<subfield code="a">Manfalūṭī, Muṣṭafá Luṭfī, 1876?-1924, author.</subfield>
		<subfield code="t">al-Naẓarāt</subfield>
		<subfield code="w">(LeBAU)b1257613x</subfield>
	</datafield>
	<datafield ind1="4" ind2="0" tag="856">
		<subfield code="u">http://hdl.handle.net/2333.1/fqz617v8</subfield>
	</datafield>
	<datafield ind1="1" ind2=" " tag="880">
		<subfield code="6">100-01/(3/r</subfield>
		<subfield code="a">المنفلوطي، مصطفى لطفي،</subfield>
		<subfield code="d">1876؟-1924،</subfield>
		<subfield code="e">مؤلف. </subfield>
		<subfield code="4">aut.</subfield>
	</datafield>
	<datafield ind1="1" ind2="3" tag="880">
		<subfield code="6">245-02/(3/r</subfield>
		<subfield code="a">النظرات :</subfield>
		<subfield code="b">وهي مختار ما كتبه الكاتب من الرسائل في جريدة المؤيد أو غيرها من الجرائد تحت عنوان النظرات أو غيره من العناوين وما كتبه من الرسائل ولم ينشره /</subfield>
		<subfield code="c">بقلم مصطفى لطفي المنفلوطي.</subfield>
	</datafield>
	<datafield ind1=" " ind2=" " tag="880">
		<subfield code="6">250-03/(3/r</subfield>
		<subfield code="a">الطبعة الثانية.</subfield>
	</datafield>
	<datafield ind1=" " ind2="1" tag="880">
		<subfield code="6">264-04/(3/r</subfield>
		<subfield code="a">مصر :</subfield>
		<subfield code="b">المطبعة الجمالية،</subfield>
		<subfield code="c">1331 هـ. = 1913 م.</subfield>
	</datafield>
	<datafield ind1=" " ind2=" " tag="880">
		<subfield code="6">300-05/(3/r</subfield>
		<subfield code="a">3 أجزاء :</subfield>
		<subfield code="b">مصورات، صورة شخصانية في الواجهة ؛</subfield>
		<subfield code="c">22 سم</subfield>
	</datafield>
	<datafield ind1="0" ind2=" " tag="880">
		<subfield code="6">775-06/(3/r</subfield>
		<subfield code="t">النظرات.</subfield>
		<subfield code="b">الطبعة الخامسة</subfield>
		<subfield code="d">مصر : المطبعة الرحمانية، 1925-1926</subfield>
		<subfield code="w">b19152978</subfield>
	</datafield>
	<datafield ind1=" " ind2=" " tag="959">
		<subfield code="a">NNU</subfield>
		<subfield code="b">WEB</subfield>
		<subfield code="c">GENI</subfield>
		<subfield code="t">0</subfield>
		<subfield code="m">Electronic access</subfield>
		<subfield code="s">01</subfield>
	</datafield>
	<datafield ind1=" " ind2=" " tag="999">
		<subfield code="i">LeBAU_b1257613x</subfield>
		<subfield code="s">aub_aco001365:v.1</subfield>
		<subfield code="s">aub_aco001366:v.2</subfield>
		<subfield code="s">aub_aco001367:v.3</subfield>
		<subfield code="e">(ERROR-MISC)</subfield>
	</datafield>
</record>
